<?xml version="1.0" encoding="UTF-8"?><collection xmlns="http://www.loc.gov/MARC21/slim"><record><leader>00483nam--2200181-i-4500</leader><controlfield tag="001">000025357</controlfield><controlfield tag="002">20161230</controlfield><controlfield tag="005">20161230201035</controlfield><controlfield tag="008">060222s1000------------r-----000-0-fre-d</controlfield><datafield ind1=" " ind2=" " tag="040"><subfield code="a">IFIN-HH</subfield></datafield><datafield ind1=" " ind2=" " tag="041"><subfield code="a">fre</subfield></datafield><datafield ind1=" " ind2=" " tag="080"><subfield code="a">015:535-1</subfield></datafield><datafield ind1="1" ind2=" " tag="100"><subfield code="a">Imbert, Christian</subfield></datafield><datafield ind1="1" ind2="0" tag="245"><subfield code="a">Etude de la reflexion diffuse dans l`infrarouge</subfield><subfield code="b">These</subfield><subfield code="c">Christian imbert</subfield></datafield><datafield ind1=" " ind2=" " tag="260"><subfield code="a">Orsay</subfield><subfield code="b">Faculte Des Sciences</subfield><subfield code="c">1969</subfield></datafield><datafield ind1=" " ind2=" " tag="300"><subfield code="a">57P+83FIG</subfield></datafield><datafield ind1=" " ind2=" " tag="852"><subfield code="a">38177</subfield><subfield code="c">535</subfield></datafield><datafield ind1=" " ind2=" " tag="CAT"><subfield code="a">Sys</subfield><subfield code="c">20110119</subfield><subfield code="h">150156</subfield></datafield></record></collection>